<?xml version="1.0" encoding="UTF-8"?><collection xmlns="http://www.loc.gov/MARC21/slim"><record><leader>00645nam--2200193-u-4500</leader><controlfield tag="001">000056142</controlfield><controlfield tag="002">20161230</controlfield><controlfield tag="005">20170304212604</controlfield><controlfield tag="008">141216s1000------------r-----000-0-eng-d</controlfield><datafield ind1=" " ind2=" " tag="020"><subfield code="a">3540089985</subfield></datafield><datafield ind1=" " ind2=" " tag="040"><subfield code="a">IFIN-HH</subfield></datafield><datafield ind1=" " ind2=" " tag="080"><subfield code="a">539.12</subfield></datafield><datafield ind1="1" ind2=" " tag="100"><subfield code="a">Hohler, G</subfield></datafield><datafield ind1="1" ind2="0" tag="245"><subfield code="a">Springer tracts in modern physics. Ergebnisse der exakten naturwissenschaften</subfield><subfield code="b">Volume 83. pion-electroproduction. Electroproduction at low energy and hadron form factors</subfield><subfield code="c">G. Hohler (ed.) A. Amaldi, S. Fubini, G. Furlan</subfield></datafield><datafield ind1=" " ind2=" " tag="260"><subfield code="a">Berlin</subfield><subfield code="b">Springer-Verlag</subfield><subfield code="c">1979</subfield></datafield><datafield ind1=" " ind2=" " tag="300"><subfield code="a">162 p</subfield></datafield><datafield ind1="1" ind2=" " tag="700"><subfield code="a">Furlan, George</subfield></datafield><datafield ind1=" " ind2=" " tag="852"><subfield code="a">506</subfield><subfield code="c">53</subfield></datafield><datafield ind1=" " ind2=" " tag="CAT"><subfield code="a">SYS</subfield><subfield code="c">20170304</subfield><subfield code="h">212604</subfield></datafield></record></collection>